<record><leader>00000cas a22000007a 4500</leader><controlfield tag="001">9647606</controlfield><controlfield tag="008">830625d187u1885ohuir ne      0    0eng d</controlfield><datafield ind1=" " ind2=" " tag="010"><subfield code="a">sn 83035165 </subfield></datafield><datafield ind1=" " ind2=" " tag="040"><subfield code="a">NPY</subfield><subfield code="b">eng</subfield><subfield code="c">NPY</subfield><subfield code="d">NPX</subfield><subfield code="d">DLC</subfield><subfield code="d">ONP</subfield><subfield code="d">NVF</subfield><subfield code="d">UKMGB</subfield><subfield code="d">OCLCQ</subfield><subfield code="d">DLC</subfield><subfield code="d">OCLCA</subfield><subfield code="d">OCLCF</subfield></datafield><datafield ind1="7" ind2=" " tag="016"><subfield code="a">013913339</subfield><subfield code="2">Uk</subfield></datafield><datafield ind1=" " ind2=" " tag="042"><subfield code="a">msc</subfield></datafield><datafield ind1=" " ind2=" " tag="043"><subfield code="a">n-us-oh</subfield></datafield><datafield ind1="0" ind2=" " tag="130"><subfield code="a">Tri-weekly herald (Cleveland, Ohio)</subfield></datafield><datafield ind1="1" ind2="4" tag="245"><subfield code="a">The tri-weekly herald.</subfield></datafield><datafield ind1=" " ind2=" " tag="260"><subfield code="a">[Cleveland, Ohio] :</subfield><subfield code="b">Fairbanks, Benedict &amp; Co.</subfield></datafield><datafield ind1=" " ind2=" " tag="300"><subfield code="a">v.</subfield></datafield><datafield ind1=" " ind2=" " tag="310"><subfield code="a">Triweekly</subfield></datafield><datafield ind1="1" ind2=" " tag="362"><subfield code="a">Ceased with Mar. 14, 1885 issue?</subfield></datafield><datafield ind1=" " ind2=" " tag="500"><subfield code="a">Publishers: Fairbanks, Benedict &amp; Co., &lt;1876&gt;; Herald Pub. Co., &lt;1878-1885&gt;.</subfield></datafield><datafield ind1=" " ind2=" " tag="580"><subfield code="a">Weekly ed.: Cleveland weekly herald (Cleveland, Ohio), &lt;1876-1881&gt;.</subfield></datafield><datafield ind1=" " ind2=" " tag="580"><subfield code="a">Daily evening eds.: Daily Cleveland herald (Cleveland, Ohio : 1853), and: Cleveland daily herald (Cleveland, Ohio : 1874 : Evening ed.), &lt;1876&gt;-1880, and: Cleveland herald (Cleveland, Ohio : 1880 : Evening ed.), 1880-&lt;1881&gt;, and: Evening herald (Cleveland, Ohio).</subfield></datafield><datafield ind1=" " ind2=" " tag="580"><subfield code="a">Daily morning eds.: Cleveland morning daily herald, and: Cleveland daily herald (Cleveland, Ohio : 1874: Morning ed.), &lt;1876&gt;-1880, and: Cleveland herald (Cleveland, Ohio : 1880 : Morning ed.), 1880-&lt;1881&gt;.</subfield></datafield><datafield ind1=" " ind2=" " tag="588"><subfield code="a">Description based on: Jan. 29, 1876 issue.</subfield></datafield><datafield ind1=" " ind2="0" tag="651"><subfield code="a">Cleveland (Ohio)</subfield><subfield code="v">Newspapers.</subfield></datafield><datafield ind1=" " ind2="7" tag="655"><subfield code="a">Newspapers.</subfield><subfield code="2">fast</subfield><subfield code="0">(OCoLC)fst01423814</subfield></datafield><datafield ind1=" " ind2="7" tag="651"><subfield code="a">Ohio</subfield><subfield code="z">Cleveland.</subfield><subfield code="2">fast</subfield><subfield code="0">(OCoLC)fst01205966</subfield></datafield><datafield ind1="1" ind2=" " tag="700"><subfield code="a">Fairbanks, Abel W.,</subfield><subfield code="d">1817?-1894.</subfield></datafield><datafield ind1="1" ind2=" " tag="700"><subfield code="a">Benedict, George A.,</subfield><subfield code="d">1812-1876.</subfield></datafield><datafield ind1=" " ind2=" " tag="752"><subfield code="a">United States</subfield><subfield code="b">Ohio</subfield><subfield code="c">Cuyahoga</subfield><subfield code="d">Cleveland.</subfield></datafield><datafield ind1="1" ind2=" " tag="775"><subfield code="t">Cleveland weekly herald (Cleveland, Ohio)</subfield><subfield code="w">(DLC)sn 83035162</subfield></datafield><datafield ind1="1" ind2=" " tag="775"><subfield code="t">Daily Cleveland herald (Cleveland, Ohio : 1853)</subfield><subfield code="w">(DLC)sn 83035152</subfield></datafield><datafield ind1="1" ind2=" " tag="775"><subfield code="t">Cleveland daily herald (Cleveland, Ohio : 1874 : Evening ed.)</subfield><subfield code="w">(DLC)sn 83035153</subfield></datafield><datafield ind1="1" ind2=" " tag="775"><subfield code="t">Cleveland herald (Cleveland, Ohio : 1880 : Evening ed.)</subfield><subfield code="w">(DLC)sn 83035154</subfield></datafield><datafield ind1="1" ind2=" " tag="775"><subfield code="t">Evening herald (Cleveland, Ohio)</subfield><subfield code="w">(DLC)sn 83035155</subfield></datafield><datafield ind1="1" ind2=" " tag="775"><subfield code="t">Cleveland morning daily herald</subfield><subfield code="w">(DLC)sn 84028781</subfield></datafield><datafield ind1="1" ind2=" " tag="775"><subfield code="t">Cleveland daily herald (Cleveland, Ohio : 1874 : Morning ed.)</subfield><subfield code="w">(DLC)sn 84028782</subfield></datafield><datafield ind1="1" ind2=" " tag="775"><subfield code="t">Cleveland herald (Cleveland, Ohio : 1880 : Morning ed.)</subfield><subfield code="w">(DLC)sn 84028783</subfield></datafield><datafield ind1="0" ind2="0" tag="780"><subfield code="t">Tri-weekly Cleveland herald</subfield><subfield code="w">(DLC)sn 83035164</subfield></datafield><datafield ind1="0" ind2="7" tag="785"><subfield code="t">Cleveland tri-weekly leader</subfield><subfield code="x">2327-1388</subfield><subfield code="w">(DLC)sn 83035163</subfield><subfield code="w">(OCoLC)9647609</subfield></datafield><datafield ind1="0" ind2="7" tag="785"><subfield code="t">Cleveland tri-weekly leader and herald</subfield></datafield></record>